@STRING{ETP = {Entrepreneurship: Theory \& Practice}}
@STRING{FER = {Frontiers of Entrepreneurship Research}}
@STRING{OS = {Organization Science}}

@inproceedings{RAR,
  title={Deep Learning with Low Precision by Half-wave Gaussian Quantization},
  author={Zhaowei Cai, Xiaodong He, Jian Sun}
}

@article{VOC,
  title={The pascal visual object classes (voc) challenge},
  author={Everingham, Mark and Van Gool, Luc and Williams, Christopher KI and Winn, John and Zisserman, Andrew},
  journal={International journal of computer vision},
  volume={88},
  number={2},
  pages={303--338},
  year={2010},
  publisher={Springer}
}

@InProceedings{googleNet,
author = {Szegedy, Christian and Liu, Wei and Jia, Yangqing and Sermanet, Pierre and Reed, Scott and Anguelov, Dragomir and Erhan, Dumitru and Vanhoucke, Vincent and Rabinovich, Andrew},
title = {Going Deeper With Convolutions},
booktitle = {The IEEE Conference on Computer Vision and Pattern Recognition (CVPR)},
month = {June},
year = {2015}
}

@inproceedings{yolo,
  title={You only look once: Unified, real-time object detection},
  author={Redmon, Joseph and Divvala, Santosh and Girshick, Ross and Farhadi, Ali},
  booktitle={Proceedings of the IEEE Conference on Computer Vision and Pattern Recognition},
  pages={779--788},
  year={2016}
}

@misc{darknet,
  author =   {Joseph Redmon},
  title =    {Darknet: Open Source Neural Networks in C},
  howpublished = {\url{http://pjreddie.com/darknet/}},
  year = {2013--2016}
}

@inproceedings{caffe,
  title={Caffe: Convolutional architecture for fast feature embedding},
  author={Jia, Yangqing and Shelhamer, Evan and Donahue, Jeff and Karayev, Sergey and Long, Jonathan and Girshick, Ross and Guadarrama, Sergio and Darrell, Trevor},
  booktitle={Proceedings of the 22nd ACM international conference on Multimedia},
  pages={675--678},
  year={2014},
  organization={ACM}
}

@inproceedings{rich,
  title={Rich feature hierarchies for accurate object detection and semantic segmentation},
  author={Girshick, Ross and Donahue, Jeff and Darrell, Trevor and Malik, Jitendra},
  booktitle={Proceedings of the IEEE conference on computer vision and pattern recognition},
  pages={580--587},
  year={2014}
}

@inproceedings{fast,
  title={Fast r-cnn},
  author={Girshick, Ross},
  booktitle={Proceedings of the IEEE International Conference on Computer Vision},
  pages={1440--1448},
  year={2015}
}

@inproceedings{walk2010new,
  title={New features and insights for pedestrian detection},
  author={Walk, Stefan and Majer, Nikodem and Schindler, Konrad and Schiele, Bernt},
  booktitle={Computer vision and pattern recognition (CVPR), 2010 IEEE conference on},
  pages={1030--1037},
  year={2010},
  organization={IEEE}
}

@article{integral,
  title={Integral channel features},
  author={Doll{\'a}r, Piotr and Tu, Zhuowen and Perona, Pietro and Belongie, Serge},
  year={2009},
  publisher={BMVC Press}
}

@inproceedings{faster,
  title={Faster r-cnn: Towards real-time object detection with region proposal networks},
  author={Ren, Shaoqing and He, Kaiming and Girshick, Ross and Sun, Jian},
  booktitle={Advances in neural information processing systems},
  pages={91--99},
  year={2015}
}

@inproceedings{ssd,
  title={SSD: Single shot multibox detector},
  author={Liu, Wei and Anguelov, Dragomir and Erhan, Dumitru and Szegedy, Christian and Reed, Scott and Fu, Cheng-Yang and Berg, Alexander C},
  booktitle={European Conference on Computer Vision},
  pages={21--37},
  year={2016},
  organization={Springer}
}

@inproceedings{INRIA,
  title={INRIA Person Dataset},
  author={http://pascal.inrialpes.fr/data/human/}
}

@inproceedings{Caltech,
  title={Caltech Pedestrian Detection Benchmark},
  author={http://www.vision.caltech.edu/ImageDatasets/CaltechPedestrians/}
}

@inproceedings{KITTI,
  title={KITTI Vision Benchmark},
  author={http://www.cvlibs.net/datasets/kitti/},
}

@article{article1,
	author = "Adler, P. S. and Goldoftas, B. and Levine, D. I.",
	title = "Flexibility versus efficiency? {A} case study of model changeovers in the {T}oyota production system",
	journal = OS,
	year = 1999,
	volume = 10,
	pages = "43--68"
}

@article{article2,
	author = {Aghion, Philippe and Tirole, Jean},
	title = {Formal and real authority in organizations},
	journal = {Journal of Political Economy},
	year = {1997},
	volume = {105},
	number = {1},
	pages = {1--29},
	category = {culture}
}

@article{article3,
	author = "Ahistrom, D. and Bruton, G. D.",
	title = "An institutional perspective on the role of culture in shaping strategic actions by technology-focused entrepreneurial firms in China",
	journal = ETP,
	year = 2003,
	volume = 26,
	number = 4,
	pages = "52--69"
}

@Book{tex,
	author = "Donald E. Knuth",
	title = "The {\TeX} Book",
	publisher = "Addison-Wesley Publishing Company",
	address = "Reading, MA",
	year = 1989,
	edition = 15,
}

@Book{companion,
	author = "Michel Goosens and Frank Mittelbach and Alexander Samarin",
	title = "The {\LaTeX} Companion",
	publisher = "Addison-Wesley Publishing Company",
	address = "Reading, MA",
	PAGES = "112--125",
	year = 1994,
}
